@article{Schmidt:MUSIC,
author={R. Schmidt},
journal={IEEE Transactions on Antennas and Propagation},
title={Multiple emitter location and signal parameter estimation},
year={1986},
volume={34},
number={3},
pages={276-280},
keywords={Adaptive arrays;Direction-of-arrival estimation;Parameter estimation;Signal processing antennas;Parameter estimation;Sensor arrays;Sensor phenomena and characterization;Interference;Multiple signal classification;Direction of arrival estimation;Frequency estimation;Signal processing;Polarization;Working environment noise},
doi={10.1109/TAP.1986.1143830},
ISSN={0018-926X},
month={3},}